@manual{ECSS-E-ST-10-12C,
	author = {ESA-ESTEC},
	title = {ECSS-E-ST-10-12C: Methods for the calculation of	radiation received and its effects, and a policy for design margins},
	date = {15.11.2008}
}

@manual{ECSS-E-HB-10-12A,
	author = {ESA-ESTEC},
	title = {ECSS-E-HB-10-12A: Calculation of radiation and its effects and margin policy handbook},
	date = {17.12.2010}
}

@manual{ORDEM2000,
	author = {NASA},
	title = {The New NASA Orbital Debris Engineering Model ORDEM2000},
	date = {05.2002}
}

@misc{PW-Sat2URL,
	shorthand = {PWSat2},
	author = {Warsaw University of Technology},
	title = {PW-Sat2 website},
	howpublished = "\url{http://pw-sat.pl/}",
	year = {2016}, 
	note = "[Online; accessed 20-Nov-2016]"
}

@misc{SPENVIS_URL,
	author = {ESA},
	title = {SPace ENVironment Information System},
	howpublished = "\url{http://www.spenvis.oma.be/}",
	year = {1997}, 
	note = "[Online; accessed 20-Nov-2016]"
}

@proceedings{DDC_article,
	shorthand = {DDC},
	editor = {I. Uwarowa; K. Ciechowska; K. Gajc; M. Gawin; M. Kania; P. Kuligowski; A. Łukasik; D. Pączkowska; F. Perczyński; K. Pilarski; D. Roszkowski; E. Ryszawa; M. Sobiecki},
	title = {Deorbit Sail for PW-Sat2 satellite mission – low energy consumption and high efficiency system},
	date = {19.10.2016},
	eventtitle = {Deorbit Device Competition}
}

@misc{PWSAT_MA_CDR,
	author = {PW-Sat2},
	title = {Mission Analysis Report - CRITICAL DESIGN REVIEW},
	year = {2016}
}

@Book{Lam92,
author = {Lamport, L.},
title = {LaTeX system przygotowywania dokumentów},
publisher = {Wydawnictwo Ariel},
year = {1992},
address = {Krakow}
}

@Book{Dil00,
author = {Diller, A.},
title = {LaTeX wiersz po wierszu},
publisher = {Wydawnictwo Helion},
year = {2000},
address = {Gliwice}
}

@Manual{ARM06,
title = {Ada Reference Manual {ISO}/{IEC} 8652:200y({E}) {E}d. 3},
organization = {Ada Europe},
year = {2006}
}

@Article{BuDo03,
author = {Burns, A. and Dobbing, B.},
title = {The {R}avenscar {P}rofile for Real--Time and High Integrity Systems},
journal = {Cross{T}alk},
year = {2003},
volume = {16},
number = {11},
pages = {9-12}
}



@InProceedings{PeDa04,
author = {Peleska, J. and Große, D. and Haxthausen, A. E. and Drechsler, R.},
title = {Automated Verification for Train Control Systems},
booktitle = {Proc. of the 5th Symposium on Formal Methods for Automation and Safety in Railway and Automotive Systems (FORMS/FORMAT 2004)},
year = {2004},
pages = {252-265},
address = {Braunschweig, Germany},
month = {December}
}

@TechReport{BuDoVa03,
author = {Burns, A. and Dobbing, B. and Vardanega, T.},
title = {Guide for the Use of the Ada Ravenscar Profile in High Integrity Systems},
institution = {University of York},
year = {2003},
number = {YCS-2003-348}
}



@manual{Alvis2011,
	organization = {AGH University of Science and Technology},
	year = {2011},
	title = {{On Line Alvis Manual}},
	note = {\\\texttt{http://fm.ia.agh.edu.pl/alvis:manual}},
	author = {Szpyrka, M.}
}
